<?xml version="1.0" encoding="UTF-8"?><collection xmlns="http://www.loc.gov/MARC21/slim"><record><leader>00399nam--2200157-i-4500</leader><controlfield tag="001">000042222</controlfield><controlfield tag="002">20161230</controlfield><controlfield tag="005">20170106172041</controlfield><controlfield tag="008">060222s1000------------r-----000-0-eng-d</controlfield><datafield ind1=" " ind2=" " tag="100"><subfield code="a">Somers, G. F</subfield></datafield><datafield ind1=" " ind2=" " tag="245"><subfield code="a">Chemistry and metheods of enzymes</subfield></datafield><datafield ind1=" " ind2=" " tag="260"><subfield code="a">New York</subfield><subfield code="b">Academic Press Inc.,Publ</subfield><subfield code="c">1947</subfield></datafield><datafield ind1=" " ind2=" " tag="300"><subfield code="a">XI + 415 p</subfield></datafield><datafield ind1=" " ind2=" " tag="700"><subfield code="a">Sumner, J. B</subfield></datafield><datafield ind1=" " ind2=" " tag="852"><subfield code="a">847</subfield></datafield><datafield ind1=" " ind2=" " tag="CAT"><subfield code="a">SYS</subfield><subfield code="c">20170106</subfield><subfield code="h">172041</subfield></datafield></record></collection>